@MISC {informeInicial,
    author  = "F. Rivero",
    title   = {{Informe ditrendia 2017: Mobile en España y en el mundo.}},
    year    = "2017",
    howpublished = {\url{https://www.amic.media/media/files/file_352_1289.pdf}},
}
@MISC {informeInicialCisco,
    title   = "Cisco Visual Networking Index: Global Mobile Data Traffic Forecast Update, 2016–2021",
    year    = "2017",
    howpublished = {\url{https://www.cisco.com/c/en/us/solutions/collateral/service-provider/visual-networking-index-vni/mobile-white-paper-c11-520862.html}},
}
@ARTICLE{cognitive5G,
    author={F. Hu and B. Chen and K. Zhu},
    journal={IEEE Access},
    title={Full Spectrum Sharing in Cognitive Radio Networks Toward 5G: A Survey},
    year={2018},
    volume={6},
    number={},
    pages={15754-15776},
}
@ARTICLE{comparative5G,
    author={M. Z. Chowdhury and M. T. Hossan and A. Islam and Y. M. Jang},
    journal={IEEE Access},
    title={A Comparative Survey of Optical Wireless Technologies: Architectures and Applications},
    year={2018},
    volume={6},
    number={},
    pages={9819-9840},
}
@MISC {quadriga,
    title   = "Página web oficial de \textit{QuaDRiGa}",
    howpublished = {\url{http://quadriga-channel-model.de/}},
}
@MISC {5gForecastEricsson,
    title   = "Mobile subscriptions worldwide outlook",
    journal = "Ericsson Mobility Report",
    month	= "November",
    year    = "2017",
    howpublished = {\url{https://www.ericsson.com/en/mobility-report/reports/november-2017/mobile-subscriptions-worldwide-outlook}},
}

@misc{hetnetexplained,
  title={HetNet/Small Cells},
  author={Wannstrom, Jeanette and Mallinson, Keith},
  year={2014},
  publisher={3GPP}
}

@ARTICLE{ieeeicic,
author={B. Soret and A. De Domenico and S. Bazzi and N. H. Mahmood and K. I. Pedersen},
journal={IEEE Wireless Communications},
title={Interference Coordination for 5G New Radio},
year={2017},
volume={},
number={},
pages={1-7},
doi={10.1109/MWC.2017.1600441},
ISSN={1536-1284},
month={},}

@INPROCEEDINGS{nyusim,
author={S. Sun and T. S. Rappaport},
booktitle={2017 IEEE International Conference on Communications Workshops (ICC Workshops)},
title={Millimeter Wave MIMO channel estimation based on adaptive compressed sensing},
year={2017},
volume={},
number={},
pages={47-53},
keywords={},
ISSN={},
month={May},}

@ARTICLE{wise,
author={C. K. Jao and C. Y. Wang and T. Y. Yeh and C. C. Tsai and L. C. Lo and J. H. Chen and W. C. Pao and W. H. Sheen},
journal={IEEE Wireless Communications},
title={WiSE: A System-Level Simulator for 5G Mobile Networks},
year={2018},
volume={25},
number={2},
pages={4-7},
keywords={},
ISSN={1536-1284},
month={April},}

@INPROCEEDINGS{gtec,
author={T. Dominguez-Bolano and J. Rodriguez-Pineiro and J. A. Garcia-Naya and L. Castedo},
booktitle={2016 1st International Workshop on Link- and System Level Simulations (IWSLS)},
title={The GTEC 5G link-level simulator},
year={2016},
volume={},
number={},
pages={1-6},
keywords={},
ISSN={},
month={July},}

@Book{vienna,
Title     = {The Vienna LTE-Advanced Simulators: Up and Downlink,
Link and System Level Simulation},
Author    = {Markus Rupp and Stefan Schwarz and Martin Taranetz},
Publisher = {Springer Singapore},
Year      = {2016},
Edition   = {1},
Series    = {Signals and Communication Technology},
isbn      = {978-981-10-0616-6},
Doi       = {10.1007/978-981-10-0617-3}
}